
@article{Hetzl11CERES,
  author  = {Hetzl, Stefan and Leitsch, Alexander and Weller, Daniel},
  title   = {{CERES} in {H}igher-{O}rder {L}ogic},
  journal = {Annals of Pure and Applied Logic},
  year    = {2011},
  volume  = {162},
  number  = {12},
  pages   = {1001--1034}
}

@article{Hetzl14Algorithmic,
  author  = {Hetzl, Stefan and Leitsch, Alexander and Reis, Giselle and Weller, Daniel},
  title   = {{Algorithmic introduction of quantified cuts}},
  journal = {Theoretical Computer Science},
  year    = {2014},
  volume  = {549},
  pages   = {1--16}
}

@book{Baaz2011,
  title     = {Methods of Cut-Elimination},
  publisher = {Springer},
  year      = {2011},
  author    = {Matthias Baaz and Alexander Leitsch},
  volume    = {34},
  series    = {Trends in Logic}
}

@phdthesis{WoltzenlogelPaleo09General,
  author = {Woltzenlogel Paleo, Bruno},
  title  = {{A General Analysis of Cut-Elimination by CERes}},
  school = {Vienna University of Technology},
  year   = {2009}
}

@inproceedings{Dunchev12System,
  author    = { Dunchev, Cvetan and Leitsch, Alexander and Libal, Tomer and Riener, Martin and Rukhaia, Mikheil and Weller, Daniel and Woltzenlogel Paleo, Bruno},
  title     = {{System Feature Description: Importing Refutations into the GAPT Framework}},
  booktitle = {2nd International Workshop on Proof Exchange for Theorem Proving (PxTP)},
  year      = {2012}
}

@inproceedings{Hetzl2012,
  author    = {Hetzl, Stefan and Leitsch, Alexander and Weller, Daniel},
  title     = {Towards algorithmic cut-introduction},
  booktitle = {Proceedings of the 18th international conference on Logic for Programming, Artificial Intelligence, and Reasoning},
  series    = {LPAR'12},
  year      = {2012},
  isbn      = {978-3-642-28716-9},
  location  = {M\&\#233;rida, Venezuela},
  pages     = {228--242},
  numpages  = {15},
  url       = {http://dx.doi.org/10.1007/978-3-642-28717-6_19},
  doi       = {10.1007/978-3-642-28717-6_19},
  acmid     = {2238615},
  publisher = {Springer-Verlag},
  address   = {Berlin, Heidelberg}
} 

@book{Takeuti87Proof,
  title     = {Proof Theory},
  publisher = {North-Holland},
  year      = {1987},
  author    = {Gaisi Takeuti},
  address   = {Amsterdam},
  edition   = {2nd},
  month     = {March}
}

@inproceedings{Hetzl2008,
  author    = {Hetzl, Stefan and Leitsch, Alexander and Weller, Daniel and
               Woltzenlogel Paleo, Bruno},
  title     = {Herbrand Sequent Extraction},
  booktitle = {Proceedings of the 9th AISC international conference, the 15th
               Calculemas symposium, and the 7th international MKM conference on
               Intelligent Computer Mathematics},
  year      = {2008},
  isbn      = {978-3-540-85109-7},
  location  = {Birmingham, UK},
  pages     = {462--477},
  numpages  = {16},
  url       = {http://dx.doi.org/10.1007/978-3-540-85110-3_38},
  doi       = {10.1007/978-3-540-85110-3_38},
  acmid     = {1428633},
  publisher = {Springer-Verlag},
  address   = {Berlin, Heidelberg}
}

@article{Baaz00CutElimination,
  author  = {Matthias Baaz and Alexander Leitsch},
  title   = {Cut-elimination and {R}edundancy-elimination by {R}esolution},
  journal = {Journal of Symbolic Computation},
  year    = {2000},
  volume  = {29},
  number  = {2},
  pages   = {149--176}
}

@article{Miller87Compact,
  author  = {Miller, Dale},
  title   = {A {C}ompact {R}epresentation of {P}roofs},
  journal = {Studia Logica},
  year    = {1987},
  volume  = {46},
  number  = {4},
  pages   = {347--370}
}

@inproceedings{Hetzl13Understanding,
  author    = {Stefan Hetzl and Tomer Libal and Martin Riener and Mikheil Rukhaia},
  title     = {{Understanding Resolution Proofs through Herbrand's Theorem}},
  editor    = {Didier Galmiche and Dominique Larchey-Wendling},
  booktitle = {Automated Reasoning with Analytic Tableaux and Related Methods (TABLEAUX) 2013, Proceedings},
  publisher = {Springer},
  pages     = {157--171},
  series    = {Lecture Notes in Computer Science},
  volume    = {8123},
  year      = {2013}
}

@misc{Prover9Input,
  author = {William McCune},
  title  = {Prover9 and Mace4 Manual - Input Files},
  note   = {\url{https://www.cs.unm.edu/~mccune/mace4/manual/2009-11A/input.html}},
  year   = {2005--2010}
}

@inproceedings{Hetzl14Introducing,
  author    = {Hetzl, Stefan and Leitsch, Alexander and Reis, Giselle and Tapolczai, Janos and Weller, Daniel},
  title     = {{Introducing Quantified Cuts in Logic with Equality}},
  booktitle = {Automated Reasoning - 7th International Joint Conference, {IJCAR}},
  editor    = {Demri, St{\'{e}}phane and Kapur, Deepak and Weidenbach, Christoph},
  year      = {2014},
  pages     = {240--254},
  series    = {Lecture Notes in Computer Science},
  volume    = {8562},
  publisher = {Springer}
}

@book{odersky2008programming,
  title     = {Programming in Scala},
  author    = {Odersky, Martin and Spoon, Lex and Venners, Bill},
  year      = {2016},
  publisher = {Artima Inc},
  edition   = {3rd}
}

@article{Argelich2008First,
  title   = {The First and Second Max-{SAT} Evaluations.},
  author  = {Argelich, Josep and Li, Chu Min and Manya, Felip and Planes, Jordi},
  journal = {Journal on Satisfiability, Boolean Modeling and Computation},
  year    = {2008},
  number  = {2-4},
  pages   = {251--278},
  volume  = {4}
}

@book{Weller2010CERES,
  title  = {CERES in higher-order logic},
  author = {Weller, Daniel},
  year   = {2010},
  note   = {Wien, Techn. Univ., Diss., 2010}
}

@unpublished{Hetzl2013Expansion,
  title  = {Expansion Trees with Cut},
  author = {Stefan Hetzl and Daniel Weller},
  note   = {preprint, available at \url{http://arxiv.org/abs/1308.0428}},
  year   = {2013}
}

@inproceedings{Voronkov2014AVATAR,
  title     = {{AVATAR:} The Architecture for First-Order Theorem Provers},
  author    = {Andrei Voronkov},
  booktitle = {Computer Aided Verification - 26th International Conference, {CAV} 2014},
  editor    = {Armin Biere and Roderick Bloem},
  year      = {2014},
  pages     = {696--710},
  publisher = {Springer},
  series    = {Lecture Notes in Computer Science},
  volume    = {8559}
}

@inproceedings{Claessen15TIP,
  author    = {Koen Claessen and Moa Johansson and Dan Ros{\'{e}}n and Nicholas Smallbone},
  title     = {{TIP:} Tons of Inductive Problems},
  booktitle = {International Conference on Intelligent Computer Mathematics ({CICM}) 2015},
  editor    = {Manfred Kerber and Jacques Carette and Cezary Kaliszyk and Florian Rabe and Volker Sorge},
  pages     = {333--337},
  series    = {Lecture Notes in Computer Science},
  volume    = {9150},
  publisher = {Springer},
  year      = {2015}
}

@article{Eberhard15Inductive,
  author  = {Eberhard, Sebastian and Hetzl, Stefan},
  title   = {{Inductive theorem proving based on tree grammars}},
  journal = {Annals of Pure and Applied Logic},
  volume  = {166},
  number  = {6},
  pages   = {665--700},
  year    = {2015}
}

@article{Baaz2012Complexity,
  title     = {On the complexity of proof deskolemization},
  author    = {Baaz, Matthias and Hetzl, Stefan and Weller, Daniel},
  journal   = {The Journal of Symbolic Logic},
  volume    = {77},
  number    = {2},
  pages     = {669--686},
  year      = {2012},
  publisher = {Cambridge University Press}
}

@article{Aguilera2016Unsound,
  title  = {Unsound Inferences Make Proofs Shorter},
  author = {Aguilera, Juan P and Baaz, Matthias},
  note   = {preprint available at \url{https://arxiv.org/abs/1608.07703}},
  year   = {2016}
}

@article{Doherty1997Computing,
  author  = {Doherty, Patrick and Lukaszewicz, Witold and Szalas, Andrzej},
  year    = {1997},
  month   = {01},
  pages   = {297-336},
  title   = {Computing Circumscription Revisited: A Reduction Algorithm},
  volume  = {18},
  journal = {Journal of Automated Reasoning},
  doi     = {10.1023/A:1005722130532}
}

@article{Gabbay1992Quantifier,
  author  = {Gabbay, Dov and Ohlbach, Hans J\"{u}rgen},
  title   = {Quantifier Elimination in Second Order Predicate Logic},
  journal = {South African Computer Journal},
  volume  = {7},
  pages   = {35--43},
  year    = {1992}
}
